@online{ircica,
  author = {IRCICA},
  title = {{IRCICA} - USR 3380 - Présentation},
  url = {http://www.ircica.univ-lille1.fr/spip.php?article1},
  urldate = {26.02.2018}
}
@online{fox,
  author = {FOX},
  title = {Equipe - CRISTAL},
  url = {https://www.cristal.univ-lille.fr/?rubrique27&eid=34},
  urldate = {26.02.2018}
}
@online{fox2,
  author = {FOX},
  title = {Equipe {FOX} - Bienvenue chez {FOX}},
  url = {http://www.cristal.univ-lille.fr//FOX/},
  urldate = {26.02.2018}
}
@article{art1,
    author    = {Xijian Fan and Tardi Tjahjadi},
    title     = {A dynamic framework based on local Zernike moment and motion history image for facial expression recognition},
    year      = {2017},
    journal   = {Pattern Recognition},
    volume    = {64},
    pages     = {399--406},
    school    = {University of Warwick},
    publisher = {IEEE}
}
@article{art2,
    author    = {André Teixeira Lopes and Edilson de Aguiar and Alberto F. De Souza and Thiago Oliveira-Santos},
    title     = {Facial expression recognition with Convolutional Neural Networks: Coping with few data and the training sample order},
    year      = {2017},
    journal   = {Pattern Recognition},
    volume    = {61},
    pages     = {610--628},
    school    = {Universidade Federal do Espírito Santo},
    publisher = {IEEE}
}
@article{art3,
    author    = {Damien Querlioz and Olivier Bichler and Christian Gamrat},
    title     = {Simulation of a Memristor-Based Spiking Neural Network Immune to Device Variations},
    year      = {2011},
    publisher = {IEEE}
}
@article{art4,
    author    = {Peter U. Diehl and Matthew Cook},
    title     = {Unsupervised learning of digit recognition using spike-timing-dependent plasticity},
    year      = {2015},
}
@article{art5,
    author  = {Timothee Masquelier and Simon Jonathan Thorpe},
    title   = {Face feature learning with spike timing dependent plasticity},
    year    = {2006},
    school  = {Université Paul Sabatier Toulouse 3}
}
@article{art6,
    author  = {Adam Coates and Honglak Lee and Andrew Y. Ng},
    title   = {An Analysis of Single-Layer Networks in Unsupervised Feature Learning},
    year    = {2011},
    journal = {Journal of Machine Learning Research},
    volume  = {15},
    page    = {215-223},
    school  = {Stanford University and University of Michigan}
}
@book{darwin,
    author    = {Charles Darwin},
    title     = {The expression of the Emotions in Man and Animals},
    publisher = {CreateSpaec Independent},
    year      = {2011}
}
@article{ShanGongMc,
	author    = {C. Shan and S. Gong and P.W.McOwan},
    title	  = {Facial expression recognition based on local binary patterns: a comprhensive study},
    year	  = {2009},
   	journal	  = {Image and Vision Computing},
    volume    = {27},
    page      = {803-816}
}
@article{LiJain,
	author	  = {Stan Z. Li and Anil K. Jain},
    title	  = {Handbook of Face Recognition},
    year	  = {2011},
    publisher = {Springer Science & Business Media}
}
@article{LiuHanMengTong,
	author     = {P. Liu and S. Han and Z. Meng and Y. Tong},
    title	   = {Facial expression recognition via a boosted deep belief network},
    year	   = {2014},
    journal    = {Conference on Computer Vision and Pattern Recognition},
    page 	   = {1805-1812},
    publisher  = {IEEE},
}
@article{lecun,
	author	   = {Y. Lecun and L. Bottou and Y. Bengio and P. Haffner},
    title	   = {Gradient-based Learn Applied to Document Recognition},
    year 	   = {1998},
    publisher  = {IEEE} 
    
}
@article{ekman,
	author		= {P. Ekman and W. Friesen},
    title		= {Constants across cultures in the face and emotion},
    journal		= {Journal of Personality and Social Psychology},
    year		= {1971},
    volume		= {17},
    page		= {124-129}
    
}
@article{ck,
	title     = {The extended Cohn-Kanade Dataset (CK+) : A complete dataset for action unit and emotion-specified expression},
    author    = {Patrick Lucey and Jerey F Cohn and Takeo Kanade and Jason Saragih and Zara Ambadar and Iain Matthews},
    year	  = {2010},
    publisher = {IEEE}
}
@article{adfes,
	title	  = {Moving faces, looking places: Validation of the Amsterdam Dynamic Facial Expression Set (ADFES)},
    author	  = {Job Van der Schalk and Skyler T. Hawk and Agneta H. Fischer and Bertjan Doosje},
    year	  = {2015},
    publisher = {PRI}
}
